@inproceedings{PrototypicalObjects,
    author = {Henry Lieberman},
    title = {Using Prototypical Objects to Implement Shared Behavior in Object Oriented Systems},
    booktitle = {Proceedings of First ACM Conference on Object-Oriented Programming Systems, Languages and
Applications},
    year = {1986},
    pages = {214--223}
}

@inproceedings{Self,
    author = {David Ungar and Randall B. Smith},
    title = {SELF: The power of simplicity},
    booktitle = {OOPSLA '87 Conference Proceedings},
    year = {1987},
    pages = {227--242}
}

@inproceedings{Delegation,
    author = {Lynn Andrea Stein},
    title = {Delegation Is Inheritance},
    booktitle = {OOPSLA '87 Conference Proceedings},
    year = {1987},
    pages = {138--146}
}

@inproceedings{Treaty,
    author = {Lynn Andrea Stein and Henry Lieberman and David Ungar},
    title = {A Shared View of Sharing: The Treaty of Orlando},
    booktitle = {Addendum to the OOPSLA '87 Conference Proceedings},
    year = {1989},
    pages = {43--44}
}